<record><leader>00000cas a22000007a 4500</leader><controlfield tag="001">13997178</controlfield><controlfield tag="008">860801d189919uumauwr ne      0    0eng  </controlfield><controlfield tag="009">466</controlfield><datafield ind1=" " ind2=" " tag="010"><subfield code="a">sn 86071786 </subfield></datafield><datafield ind1=" " ind2=" " tag="040"><subfield code="a">DLC</subfield><subfield code="b">eng</subfield><subfield code="c">DLC</subfield><subfield code="d">MGN</subfield><subfield code="d">OCL</subfield><subfield code="d">OCLCQ</subfield><subfield code="d">OCLCO</subfield><subfield code="d">OCLCF</subfield></datafield><datafield ind1="1" ind2=" " tag="029"><subfield code="a">AU@</subfield><subfield code="b">000025791705</subfield></datafield><datafield ind1=" " ind2=" " tag="042"><subfield code="a">msc</subfield></datafield><datafield ind1="0" ind2="0" tag="050"><subfield code="a">Newspaper 7002</subfield></datafield><datafield ind1="0" ind2=" " tag="130"><subfield code="a">Enterprise and journal (Orange, Mass. : 1899)</subfield></datafield><datafield ind1="0" ind2="0" tag="245"><subfield code="a">Enterprise and journal.</subfield></datafield><datafield ind1=" " ind2=" " tag="260"><subfield code="a">Orange, Mass. :</subfield><subfield code="b">Enterprise and Journal Co.,</subfield><subfield code="c">1899-</subfield></datafield><datafield ind1=" " ind2=" " tag="300"><subfield code="a">v.</subfield></datafield><datafield ind1=" " ind2=" " tag="310"><subfield code="a">Weekly</subfield></datafield><datafield ind1="0" ind2=" " tag="362"><subfield code="a">Vol. 15, no. 43 (July 7, 1899)- =v. 29.</subfield></datafield><datafield ind1=" " ind2="0" tag="651"><subfield code="a">Orange (Mass.)</subfield><subfield code="v">Newspapers.</subfield></datafield><datafield ind1=" " ind2="7" tag="655"><subfield code="a">Newspapers.</subfield><subfield code="2">fast</subfield><subfield code="0">(OCoLC)fst01423814</subfield></datafield><datafield ind1=" " ind2="7" tag="651"><subfield code="a">Massachusetts</subfield><subfield code="z">Orange.</subfield><subfield code="2">fast</subfield><subfield code="0">(OCoLC)fst01237002</subfield></datafield><datafield ind1=" " ind2=" " tag="752"><subfield code="a">United States</subfield><subfield code="b">Massachusetts</subfield><subfield code="c">Franklin</subfield><subfield code="d">Orange.</subfield></datafield><datafield ind1="0" ind2="4" tag="780"><subfield code="t">Orange enterprise</subfield><subfield code="w">(DLC)sn 89062437</subfield><subfield code="w">(OCoLC)22204127</subfield></datafield><datafield ind1="0" ind2="4" tag="780"><subfield code="t">Orange journal (Orange, Mass.)</subfield><subfield code="w">(DLC)sn 89062436</subfield><subfield code="w">(OCoLC)22204112</subfield></datafield><datafield ind1="0" ind2="0" tag="785"><subfield code="t">Orange enterprise and journal</subfield><subfield code="w">(DLC)sn 89062438</subfield><subfield code="w">(OCoLC)22204224</subfield></datafield></record>